<record><leader>00000cas a22000007a 4500</leader><controlfield tag="001">14289510</controlfield><controlfield tag="008">861001u1903uuuutxuuu ne      0    0eng d</controlfield><datafield ind1=" " ind2=" " tag="010"><subfield code="a">sn 86089363 </subfield></datafield><datafield ind1=" " ind2=" " tag="040"><subfield code="a">PPM</subfield><subfield code="b">eng</subfield><subfield code="c">PPM</subfield><subfield code="d">OCLCQ</subfield></datafield><datafield ind1=" " ind2=" " tag="042"><subfield code="a">msc</subfield></datafield><datafield ind1="0" ind2=" " tag="130"><subfield code="a">Weekly recorder (Hughes Springs, Tex. : 1903)</subfield></datafield><datafield ind1="1" ind2="4" tag="245"><subfield code="a">The weekly recorder.</subfield></datafield><datafield ind1="1" ind2="3" tag="246"><subfield code="a">Recorder</subfield></datafield><datafield ind1=" " ind2=" " tag="260"><subfield code="a">Hughes Springs, Tex. :</subfield><subfield code="b">Ragland &amp; Redditt,</subfield><subfield code="c">1903-</subfield></datafield><datafield ind1=" " ind2=" " tag="300"><subfield code="a">v.</subfield></datafield><datafield ind1="0" ind2=" " tag="362"><subfield code="a">Vol. 1, no. 1 (Sept. 18, 1903)-</subfield></datafield><datafield ind1=" " ind2=" " tag="752"><subfield code="a">United States</subfield><subfield code="b">Texas</subfield><subfield code="c">Cass</subfield><subfield code="d">Hughes Springs.</subfield></datafield><datafield ind1="1" ind2=" " tag="029"><subfield code="a">AU@</subfield><subfield code="b">000025839887</subfield></datafield></record>